{"doge_usd":[{"type":"bid","price":0.101,"amount":0.2095199,"tid":202698874,"timestamp":1669537907},{"type":"bid","price":0.101,"amount":7.2898122,"tid":202698873,"timestamp":1669537828},{"type":"bid","price":0.101,"amount":1.0420519,"tid":202698872,"timestamp":1669537828},{"type":"bid","price":0.101,"amount":2.32161086,"tid":202698871,"timestamp":1669537828},{"type":"bid","price":0.101,"amount":15.21924994,"tid":202698870,"timestamp":1669537817},{"type":"ask","price":0.1,"amount":1045,"tid":202698869,"timestamp":1669537586},{"type":"ask","price":0.1,"amount":7.4993321,"tid":202698868,"timestamp":1669537585},{"type":"ask","price":0.1,"amount":1.0420519,"tid":202698867,"timestamp":1669537585},{"type":"ask","price":0.1,"amount":17.5408608,"tid":202698866,"timestamp":1669537585},{"type":"ask","price":0.10085493,"amount":1.98897565,"tid":202698865,"timestamp":1669537585},{"type":"ask","price":0.101,"amount":16.16799425,"tid":202698864,"timestamp":1669537565},{"type":"ask","price":0.101,"amount":8.56986406,"tid":202698863,"timestamp":1669537146},{"type":"ask","price":0.102,"amount":9.25547843,"tid":202698862,"timestamp":1669537146},{"type":"ask","price":0.102,"amount":15.22473,"tid":202698861,"timestamp":1669537146},{"type":"ask","price":0.10200001,"amount":54.01952434,"tid":202698860,"timestamp":1669537146},{"type":"ask","price":0.10200001,"amount":13.94442443,"tid":202698859,"timestamp":1669537101},{"type":"ask","price":0.103,"amount":0.00078771,"tid":202698858,"timestamp":1669537101},{"type":"ask","price":0.103,"amount":29.49795043,"tid":202698857,"timestamp":1669537099},{"type":"bid","price":0.103,"amount":9.20235529,"tid":202698856,"timestamp":1669537098},{"type":"bid","price":0.103,"amount":15.13734569,"tid":202698855,"timestamp":1669536914},{"type":"bid","price":0.102,"amount":24.11904023,"tid":202698854,"timestamp":1669536914},{"type":"bid","price":0.10159572,"amount":0.98740328,"tid":202698853,"timestamp":1669536914},{"type":"bid","price":0.10149,"amount":1.51727861,"tid":202698852,"timestamp":1669536780},{"type":"bid","price":0.10149,"amount":0.48542295,"tid":202698851,"timestamp":1669536513},{"type":"bid","price":0.10149,"amount":1.51457705,"tid":202698850,"timestamp":1669536512},{"type":"bid","price":0.10149,"amount":0.97403627,"tid":202698849,"timestamp":1669536357},{"type":"bid","price":0.10149,"amount":1.03601398,"tid":202698848,"timestamp":1669536357},{"type":"bid","price":0.102,"amount":0.47446778,"tid":202698847,"timestamp":1669536179},{"type":"bid","price":0.10188291,"amount":0.98584233,"tid":202698846,"timestamp":1669536179},{"type":"bid","price":0.10185427,"amount":68.33384432,"tid":202698845,"timestamp":1669535152},{"type":"bid","price":0.10171461,"amount":0.98747353,"tid":202698844,"timestamp":1669535152},{"type":"ask","price":0.10155942,"amount":1.52104548,"tid":202698842,"timestamp":1669533570},{"type":"bid","price":0.10155942,"amount":0.47758744,"tid":202698841,"timestamp":1669533079},{"type":"bid","price":0.10155942,"amount":1.52104548,"tid":202698840,"timestamp":1669533078},{"type":"ask","price":0.1003,"amount":10.12572345,"tid":202698839,"timestamp":1669532667},{"type":"bid","price":0.101,"amount":7.4548411,"tid":202698838,"timestamp":1669532647},{"type":"bid","price":0.101,"amount":1.0358699,"tid":202698837,"timestamp":1669532647},{"type":"bid","price":0.101,"amount":17.43679696,"tid":202698836,"timestamp":1669532647},{"type":"ask","price":0.1003,"amount":10.12506555,"tid":202698835,"timestamp":1669532563},{"type":"ask","price":0.1,"amount":1025.97176362,"tid":202698834,"timestamp":1669531897},{"type":"ask","price":0.1005,"amount":1.9806,"tid":202698833,"timestamp":1669531897},{"type":"ask","price":0.1,"amount":19.02823638,"tid":202698832,"timestamp":1669531638},{"type":"ask","price":0.1,"amount":7.4548411,"tid":202698831,"timestamp":1669531404},{"type":"ask","price":0.1,"amount":1.0358699,"tid":202698830,"timestamp":1669531404},{"type":"ask","price":0.1,"amount":1.0937151,"tid":202698829,"timestamp":1669531404},{"type":"ask","price":0.1,"amount":17.43679696,"tid":202698828,"timestamp":1669531404},{"type":"ask","price":0.101,"amount":21.85413524,"tid":202698827,"timestamp":1669531403},{"type":"ask","price":0.101,"amount":1.07238129,"tid":202698826,"timestamp":1669531219},{"type":"ask","price":0.101,"amount":1.05537984,"tid":202698825,"timestamp":1669531125},{"type":"bid","price":0.101,"amount":7.41061414,"tid":202698824,"timestamp":1669531110},{"type":"bid","price":0.101,"amount":1.0297245,"tid":202698823,"timestamp":1669531110},{"type":"ask","price":0.1,"amount":7.41061414,"tid":202698822,"timestamp":1669531101},{"type":"ask","price":0.1,"amount":1.0297245,"tid":202698821,"timestamp":1669531101},{"type":"ask","price":0.101,"amount":24.59350801,"tid":202698820,"timestamp":1669531101},{"type":"ask","price":0.102,"amount":24.33970098,"tid":202698819,"timestamp":1669531101},{"type":"ask","price":0.10200001,"amount":69.32131785,"tid":202698818,"timestamp":1669531101},{"type":"ask","price":0.103,"amount":24.09604398,"tid":202698817,"timestamp":1669531054},{"type":"ask","price":0.104,"amount":23.88264336,"tid":202698816,"timestamp":1669531054},{"type":"ask","price":0.10848999,"amount":3482.58857252,"tid":202698815,"timestamp":1669531052},{"type":"ask","price":0.10848999,"amount":24.09578484,"tid":202698814,"timestamp":1669531052},{"type":"ask","price":0.10848999,"amount":24.09604398,"tid":202698813,"timestamp":1669531052},{"type":"bid","price":0.1079,"amount":400,"tid":202698812,"timestamp":1669531051},{"type":"bid","price":0.107087,"amount":100,"tid":202698811,"timestamp":1669531051},{"type":"bid","price":0.106,"amount":12,"tid":202698810,"timestamp":1669531051},{"type":"bid","price":0.105,"amount":50,"tid":202698809,"timestamp":1669531051},{"type":"bid","price":0.105,"amount":23.75,"tid":202698808,"timestamp":1669531051},{"type":"bid","price":0.105,"amount":1.0458083,"tid":202698807,"timestamp":1669531051},{"type":"bid","price":0.1049999,"amount":551.03489233,"tid":202698806,"timestamp":1669531051},{"type":"bid","price":0.104,"amount":23.96,"tid":202698805,"timestamp":1669531050},{"type":"bid","price":0.1037,"amount":47,"tid":202698804,"timestamp":1669531050},{"type":"bid","price":0.103,"amount":24.2,"tid":202698803,"timestamp":1669531050},{"type":"bid","price":0.1025,"amount":10,"tid":202698802,"timestamp":1669531050},{"type":"bid","price":0.1021333,"amount":1.05,"tid":202698801,"timestamp":1669531050},{"type":"bid","price":0.102,"amount":24.45,"tid":202698800,"timestamp":1669531050},{"type":"bid","price":0.10148999,"amount":1.47473652,"tid":202698799,"timestamp":1669531011},{"type":"bid","price":0.10148998,"amount":22.6230968,"tid":202698798,"timestamp":1669530982},{"type":"bid","price":0.101,"amount":24.7,"tid":202698797,"timestamp":1669530797},{"type":"bid","price":0.101,"amount":1.0236156,"tid":202698796,"timestamp":1669530797},{"type":"ask","price":0.1004211,"amount":12.49705614,"tid":202698795,"timestamp":1669530753},{"type":"ask","price":0.1004211,"amount":10.12604066,"tid":202698794,"timestamp":1669530669},{"type":"ask","price":0.10041978,"amount":10.08219991,"tid":202698793,"timestamp":1669530599},{"type":"ask","price":0.10041978,"amount":10.18771776,"tid":202698792,"timestamp":1669530521},{"type":"bid","price":0.10084157,"amount":100,"tid":202698791,"timestamp":1669530359},{"type":"ask","price":0.10041978,"amount":10.29058183,"tid":202698790,"timestamp":1669530285},{"type":"bid","price":0.10075488,"amount":120.04067932,"tid":202698789,"timestamp":1669530259},{"type":"bid","price":0.10041978,"amount":20,"tid":202698788,"timestamp":1669530182},{"type":"bid","price":0.1,"amount":100,"tid":202698787,"timestamp":1669530149},{"type":"bid","price":0.1,"amount":1.11,"tid":202698786,"timestamp":1669530149},{"type":"bid","price":0.1,"amount":1.15789473,"tid":202698785,"timestamp":1669530149},{"type":"bid","price":0.1,"amount":1.01507443,"tid":202698784,"timestamp":1669530149},{"type":"bid","price":0.1,"amount":24.9,"tid":202698783,"timestamp":1669530149},{"type":"bid","price":0.1,"amount":1.1294935,"tid":202698782,"timestamp":1669530149},{"type":"bid","price":0.1,"amount":0.13994474,"tid":202698781,"timestamp":1669530149},{"type":"bid","price":0.0999,"amount":1.15984974,"tid":202698780,"timestamp":1669530149},{"type":"bid","price":0.0998,"amount":1.15992159,"tid":202698779,"timestamp":1669530148},{"type":"bid","price":0.0997,"amount":1.15999369,"tid":202698778,"timestamp":1669530148},{"type":"bid","price":0.0996,"amount":1.16006604,"tid":202698777,"timestamp":1669530137},{"type":"bid","price":0.09959123,"amount":1.01777954,"tid":202698776,"timestamp":1669530134},{"type":"bid","price":0.0995,"amount":1.16013844,"tid":202698775,"timestamp":1669530134},{"type":"bid","price":0.0994,"amount":1.15780766,"tid":202698774,"timestamp":1669530134},{"type":"bid","price":0.0993,"amount":1.1578778,"tid":202698773,"timestamp":1669530134},{"type":"bid","price":0.0992,"amount":1.15794797,"tid":202698772,"timestamp":1669530134},{"type":"bid","price":0.0991,"amount":1.15801839,"tid":202698771,"timestamp":1669530113},{"type":"ask","price":0.09909999,"amount":1.22311324,"tid":202698770,"timestamp":1669530076},{"type":"bid","price":0.09909999,"amount":1.06397014,"tid":202698769,"timestamp":1669530064},{"type":"bid","price":0.09909999,"amount":602.60527432,"tid":202698768,"timestamp":1669530047},{"type":"bid","price":0.0990852,"amount":87.99936228,"tid":202698767,"timestamp":1669530036},{"type":"bid","price":0.099,"amount":5.09512195,"tid":202698766,"timestamp":1669530036},{"type":"bid","price":0.099,"amount":1.15808886,"tid":202698765,"timestamp":1669530036},{"type":"bid","price":0.099,"amount":4.63862724,"tid":202698764,"timestamp":1669530036},{"type":"bid","price":0.099,"amount":3.55079428,"tid":202698763,"timestamp":1669530036},{"type":"bid","price":0.099,"amount":1.25943255,"tid":202698762,"timestamp":1669530036},{"type":"bid","price":0.099,"amount":6.96634683,"tid":202698761,"timestamp":1669530036},{"type":"bid","price":0.099,"amount":10.39633183,"tid":202698760,"timestamp":1669530036},{"type":"bid","price":0.0989,"amount":1.15815958,"tid":202698759,"timestamp":1669530036},{"type":"bid","price":0.09881599,"amount":0.00054366,"tid":202698758,"timestamp":1669530036},{"type":"bid","price":0.09881599,"amount":3.26707448,"tid":202698757,"timestamp":1669530004},{"type":"bid","price":0.09855,"amount":10,"tid":202698756,"timestamp":1669530004},{"type":"bid","price":0.09813212,"amount":2.00557167,"tid":202698755,"timestamp":1669530004},{"type":"bid","price":0.09889999,"amount":721.39834403,"tid":202698754,"timestamp":1669527977},{"type":"bid","price":0.09871609,"amount":13.8063228,"tid":202698753,"timestamp":1669527937},{"type":"bid","price":0.09871609,"amount":12.42569052,"tid":202698752,"timestamp":1669527937},{"type":"bid","price":0.09871609,"amount":11.18312147,"tid":202698751,"timestamp":1669527937},{"type":"bid","price":0.09871609,"amount":10.06480933,"tid":202698750,"timestamp":1669527937},{"type":"bid","price":0.09791346,"amount":2.0100503,"tid":202698749,"timestamp":1669527937},{"type":"bid","price":0.0988,"amount":1.18849155,"tid":202698748,"timestamp":1669526904},{"type":"bid","price":0.0987,"amount":1.18860073,"tid":202698747,"timestamp":1669526904},{"type":"bid","price":0.0986,"amount":1.17703772,"tid":202698746,"timestamp":1669526904},{"type":"bid","price":0.0985,"amount":1.25198274,"tid":202698745,"timestamp":1669526904},{"type":"bid","price":0.0984,"amount":1.25217581,"tid":202698744,"timestamp":1669526904},{"type":"bid","price":0.0983,"amount":1.25236939,"tid":202698743,"timestamp":1669526904},{"type":"bid","price":0.09824963,"amount":1.2176161,"tid":202698742,"timestamp":1669526904},{"type":"bid","price":0.09824595,"amount":1.0251934,"tid":202698741,"timestamp":1669526904},{"type":"bid","price":0.09824595,"amount":1.0251934,"tid":202698740,"timestamp":1669526904},{"type":"bid","price":0.098,"amount":2.01600474,"tid":202698739,"timestamp":1669526811},{"type":"bid","price":0.098,"amount":1.22270505,"tid":202698738,"timestamp":1669526811},{"type":"bid","price":0.098,"amount":2.93594927,"tid":202698737,"timestamp":1669526811},{"type":"bid","price":0.098,"amount":3.61543804,"tid":202698736,"timestamp":1669526810},{"type":"bid","price":0.09762297,"amount":2.09095639,"tid":202698735,"timestamp":1669526810},{"type":"ask","price":0.097,"amount":0.68579111,"tid":202698734,"timestamp":1669526752},{"type":"ask","price":0.097,"amount":2.01600474,"tid":202698733,"timestamp":1669526752},{"type":"ask","price":0.097,"amount":1.22270505,"tid":202698732,"timestamp":1669526752},{"type":"ask","price":0.097,"amount":2.93594927,"tid":202698731,"timestamp":1669526752},{"type":"ask","price":0.097,"amount":3.61543804,"tid":202698730,"timestamp":1669526752},{"type":"bid","price":0.0982,"amount":1.25256306,"tid":202698729,"timestamp":1669526378},{"type":"bid","price":0.09816413,"amount":1.02604791,"tid":202698728,"timestamp":1669526378},{"type":"bid","price":0.09814611,"amount":1.02365833,"tid":202698727,"timestamp":1669526378},{"type":"bid","price":0.0981,"amount":1.28576554,"tid":202698726,"timestamp":1669526378},{"type":"bid","price":0.09803695,"amount":1.98924998,"tid":202698725,"timestamp":1669526378},{"type":"bid","price":0.09803695,"amount":1.97930372,"tid":202698724,"timestamp":1669526378}]}